@manual{bibtex,
  title={The quick BibTeX guide},
  url={ https://www.bibtex.com/format/},
  urldate={29.04.2023}
}

@misc{bib-prikaz,
  title={Положение об организации итоговой аттестации при освоении содержания образовательных программ высшего образования II ступени в Белорусском государственном университете. Приказ ректора БГУ от 25.03.2020 № 171-ОД},
  url={https://rci.bsu.by/images/docs/prikaz_polozhenie_ob_attestatsi_magistratura_2020.pdf},
  urldate={29.04.2023},
  note={Лол, они реально нумеруют приложения не так как требуют},
  langid={russian},
  media = {eresource}
}